@book{petrovol4,
	title={Petroleum engineering handbook : production operations engineering},
	author={Lake, Larry W.; Clegg, Joe D.},
	volume={4},
	year={2007},
	address={Texas},
	publisher={Society of Petroleum Engineers}
}

@book{petrocomputerassist,
	title={Petroleum Production Engineering : A Computer-Assisted Approach},
	author={Boyun Guo and William C. Lyons and Ali Ghalambor},
	year={2007},
	address={Oxford},
	publisher={Elsevier}
}

@book{mitra2012principles,
	title={Principles of Artificial Lift},
	author={Mitra, N.K.},
	isbn={9788184247640},
	series={First edition},
	url="https://books.google.com.br/books?id=6NokTvD4mjoC",
	year={2012},
	publisher={Allied Publishers Pvt. Limited}
}

@book{united2001installing,
	title={Installing Plunger Lift Systems in Gas Wells},
	author={United States. Environmental Protection Agency. Office of Air and Radiation},
	series={Lessons learned from Natural Gas STAR Partners},
	url="https://books.google.com.br/books?id=vqHRZwEACAAJ",
	year={2001},
	publisher={U.S. Environmental Protection Agency, Air and Radiation}
}

@book{gammapadroes,
  title={Padrões de Projeto --- Soluções Reutilizáveis de Software Orientado a Objetos},
  author={GAMMA, ERICH and Helm, R and Johnson, R and Vlissides, J},
  year={2004},
  address={Porto Alegre},
  publisher={Bookman}
}

@Article{javier2012java,
  title={Java 7 concurrency cookbook},
  author={Javier, Fernandez},
  year={2012},
  publisher={Packt Publishing}
}

@Article{kermitbrown,
	author = 	 {Brown, Kermit E.},
	title = 	 {Overview of Artificial Lift Systems},
	journal = 	 {Journal of Petroleum Technology},
	year = 	 	 1982,
	volume = 	 {34}
}

@Article{simulador2010,
	author =	{Cristiano Gurgel de Castro and Bruno A. Santos de Sousa and Joílson Vidal Abrantes},
	journal =	{Rio Oil \& Gas},
	title =		{Simulador Computacional para o Método de Elevação Artificial Plunger Lift},
	year =		2010
}

@MastersThesis{baruzzi,
	author = 	 {Jose Octavio do Amaral Baruzzi},
	title = 	 {Modelagem do plunger lift convencional},
	school =     {Faculdade de Engenharia Mecânica, FEM},
	year = 	 	 1994,
	address = 	 {Campinas, SP},
	month = 	 {Fevereiro}
}

@MastersThesis{felipepinheiro,
	author = 	 {Felipe Pinheiro Mota Assmann},
	title = 	 {Modelagem dinâmica do escoamento de um sistema de elevação por plunger lift},
	school =     {Universidade Federal do Rio Grande do Norte, UFRN},
	year = 	 	 2012,
	address = 	 {Natal, RN},
	month = 	 {Janeiro}
}

@MastersThesis{lennedyCampos,
	author = 	 {Lennedy Campos Soares},
	title = 	 {Sistema supervisório para poços de petróleo baseados no método de elevação artificial plunger lift},
	school =     {Universidade Federal do Rio Grande do Norte, UFRN},
	year = 	 	 2010,
	address = 	 {Natal, RN},
	month = 	 {Março}
}

@MastersThesis{plinioaltoe2009,
	author = 	 {Plínio Altoé Costa Vieira},
	title = 	 {Projeto de um sistema emulador de escoamentos e vaso de separação primária},
	school =     {Universidade Federal do Rio Grande do Norte, UFRN},
	year = 	 	 2009,
	address = 	 {Natal, RN},
	month = 	 {Setembro}
}

@MastersThesis{diegofonseca2011,
	author = 	 {Diego Antônio de Moura Fonsêca},
	title = 	 {Desenvolvimento de uma planta piloto para estudos de poços de petróleo produzindo por plunger lift},
	school =     {Universidade Federal do Rio Grande do Norte, UFRN},
	year = 	 	 2011,
	address = 	 {Natal, RN},
	month = 	 {Agosto}
}

@MastersThesis{sergiojose2007,
	author = 	 {Sérgio José Gonçalves e Silva},
	title = 	 {Um Sistema para Estimação da Vazão de Gás de Poços Produzindo por Plunger Lift para Vaso Separador de Teste em Plataformas de Petróleo},
	school =     {Universidade Federal do Rio Grande do Norte, UFRN},
	year = 	 	 2007,
	address = 	 {Natal, RN},
	month = 	 {Novembro}
}

@Misc{siteartificiallift ,
  author = 	 {Richard Yan and Jozef Lieskovsky and Sam Gorgen},
  title = 	 {New Eagle Ford wells continue to show higher production},
  howpublished = {Independent Statistics \& Analysis},
  month = 	 {Setembro},
  year = 	 {2014},
  url = "http://www.eia.gov/todayinenergy/detail.cfm?id=18171"
}

@Misc{siteplungerWeatherford,
	author = 	 	{Weatherford},
	title = 	 	{Plunger Lift Systems},
	howpublished = 	{Site oficial da Weatherford},
	month = 	 	{Fevereiro},
	year = 	 		{2016},
	url = 			"http://www.weatherford.com/products-services/production/artificial-lift-systems/plunger-lift-systems"
}