@Misc{misc-cruz03,
  OPTkey = 	 {},
  author = 	 {Renato Cruz},
  title = 	 {Padrão Brasileiro de {TV} Enfrenta Oposição},
  howpublished = {Jornal O Estado de São Paulo},
  month = 	 feb,
  year = 	 2003,
  note = 	 {Opinião do Prof. Max Costa},
  OPTannote = 	 {}
}

@PhdThesis{phd-gates01,
  author = 	 {Luis F. Gates},
  title = 	 {Telecomunicações Baseadas na Arquitetura BALSE},
  school =       {UFSCG},
  year = 	 2000,
  OPTkey = 	 {},
  OPTtype = 	 {},
  address = 	 {Matosinhos, SP},
  month = 	 dec,
  OPTnote = 	 {},
  OPTannote = 	 {}
}

@InProceedings{proc-gates01,
  author = 	 {Luis F. Gates and Rossano P. Pinto and Eliane G. Solimães and Katianna Silva},
  title = 	 {Mobile Agents in Telecommunication Services},
  booktitle = 	 {Proceedings of {LACOXS}'05},
  OPTcrossref =  {},
  OPTkey = 	 {},
  pages = 	 {50-61},
  year = 	 2001,
  editor = 	 {A. Loureiro, J. Carvalho},
  OPTvolume = 	 {},
  OPTnumber = 	 {},
  OPTseries = 	 {},
  address = 	 {Ouro Preto, MG},
  month = 	 aug,
  OPTorganization = {},
  publisher =    {Sociedade Brasileira de Ciências Físicas},
  OPTnote = 	 {},
  OPTannote = 	 {},
}

@Manual{man-orbix99,
  title = 	 {Orbix Programming Reference},
  OPTkey = 	 {},
  author = 	 {IONA},
  organization = {IONA Technologies PLC},
  address = 	 {Dublin, Ireland},
  OPTedition = 	 {},
  month = 	 oct,
  year = 	 1999,
  OPTnote = 	 {},
  OPTannote = 	 {}
}

@TechReport{hp-novet03,
  author = 	 {Meireles, Flamingo},
  title = 	 {{NOVET}'s Homepage},
  institution =  {The Academic Computer Society},
  address = 	 {Caicó, RN},
  year = 	 2003,
  OPTkey = 	 {},
  type =	 {Página na Internet},
  key = 	 {NOVET},
  month =	 aug,
  URL =	 	 {\url{http://www.aligatesta.com.su/}},
  OPTannote = 	 {}
}

@Book{LATEX04,
  author = 	 {Frank Mittelbach and Michel Goossens},
  ALTeditor = 	 {},
  title = 	 {The {\LaTeX} Companion},
  publisher = 	 {Addison-Wesley},
  year = 	 2004,
  OPTkey = 	 {},
  OPTvolume = 	 {},
  OPTnumber = 	 {},
  OPTseries = 	 {},
  address = 	 {San Francisco, EUA},
  edition = 	 2,
  OPTmonth = 	 {},
  OPTnote = 	 {},
  OPTannote = 	 {}
}

@TechReport{rep-omg2000,
  author = 	 {OMG},
  title = 	 {Audio/Video Streams, Version 1.0},
  institution =  {Object Management Group},
  year = 	 2000,
  key = 	 {},
  type =	 {OMG Specification},
  number =	 {formal/2000-01-03},
  address = 	 {Paris},
  month =	 jan,
  URL =	 	 {\url{http://www.omg.org/}},
  OPTannote = 	 {}
}

@Book{book-lamport94,
  author = 	 {Witold Pedrycz and Fernando A. C. Gomide},
  ALTeditor = 	 {},
  title = 	 {An Introduction to Fuzzy Sets: Analysis and Design (Complex Adaptive Systems)},
  publisher = 	 {MIT Press},
  year = 	 1998,
  OPTkey = 	 {},
  OPTvolume = 	 {},
  OPTnumber = 	 {},
  OPTseries = 	 {},
  address = 	 {Boston},
  OPTedition = 	 {},
  OPTmonth = 	 {},
  OPTnote = 	 {},
  OPTannote = 	 {}
}

@InCollection{col-pinto00,
  author = 	 {Alexandre S. Pinto and Luis F. Gates and Katianna Silva},
  title = 	 {A {BALSE}-based Environment for Mobile Applications},
  booktitle = 	 {Managing {QoS} in Multimedia Networks},
  OPTcrossref =  {},
  OPTkey = 	 {},
  pages = 	 {163-175},
  publisher =    {Kluwer Academic Publishers},
  year = 	 2000,
  editor = 	 {José Neuman de Souza and Raouf Boutaba},
  OPTvolume = 	 {},
  OPTnumber = 	 {},
  OPTseries = 	 {},
  OPTtype = 	 {},
  OPTchapter = 	 {},
  address = 	 {New York},
  OPTedition = 	 {},
  OPTmonth = 	 {},
  OPTnote = 	 {},
  OPTannote = 	 {}
}

@Proceedings{proc-sbrc02,
  title = 	 {{XX} Simpósio Brasileiro de Redes de Computadores},
  year = 	 2002,
  OPTkey = 	 {},
  booktitle =    {Anais do XX SBRC},
  editor = 	 {Luci Pirmez and Luis Fernando Carmo and Raimundo José Macêdo},
  volume = 	 1,
  OPTnumber = 	 {},
  OPTseries = 	 {},
  address = 	 {Rio de Janeiro},
  month = 	 may,
  organization = {Núcleo de Computação Eletrônica da UFRJ},
  publisher =    {Sociedade Brasileira de Computação},
  OPTnote = 	 {},
  OPTannote = 	 {}
}

@InBook{inbook-santos00,
  author = 	 {Euripedes P. Santos and Fernando J. Von-Zuben},
  editor = 	 {},
  title = 	 {Recurrent Neural Networks: Design and Applications},
  chapter = 	 {Efficient Second-Order Learning Algorithms for Discrete-Time Recurrent Neural Networks},
  publisher = 	 {CRC Press},
  year = 	 2000,
  OPTkey = 	 {},
  volume = 	 13,
  OPTnumber = 	 {},
  series = 	 {International Series on Computational Intelligence},
  OPTtype = 	 {},
  address = 	 {Madrid},
  OPTedition = 	 {},
  OPTmonth = 	 {},
  pages = 	 {47-75},
  OPTnote = 	 {},
  OPTannote = 	 {}
}

@MastersThesis{msc-santos03,
  author = 	 {José C. S. Santos-Filho},
  title = 	 {Combinação por Ganho Igual em Ambiente com Desvanecimento Arbitrário},
  school =       {Faculdade de Engenharia Elétrica e de Computação, UNICAMP},
  year = 	 2003,
  OPTkey = 	 {},
  OPTtype = 	 {},
  address = 	 {Campinas, SP},
  month = 	 aug,
  OPTnote = 	 {},
  OPTannote = 	 {}
}

@Unpublished{unp-sichman02,
  author = 	 {Jaime S. Sichman},
  title = 	 {Sobre Agentes Móveis e Fixos},
  note = 	 {Comunicação pessoal por e-mail},
  OPTkey = 	 {},
  month = 	 mar,
  year = 	 2002,
  OPTannote = 	 {}
}

@Article{art-solimaes03,
  author = 	 {Eliane G. Solimães and Antonio T. Mircolles and Jamerson L. Pereira and Bruno G. Americano and Katianna Silva and Marcelo Borges and Mauricio F. Magalhães},
  title = 	 {A Virtual Laboratory for Autonomous Airplanes Experiments},
  journal = 	 {IEEE Transactions on Education},
  year = 	 2003,
  OPTkey = 	 {},
  volume = 	 {46},
  number = 	 {1},
  pages = 	 {37-42},
  month = 	 feb,
  OPTnote = 	 {},
  OPTannote = 	 {}
}
